<record><leader>00000cas a22000007a 4500</leader><controlfield tag="001">13291341</controlfield><controlfield tag="008">860313d18771917wvuwr ne      0    0eng d</controlfield><datafield ind1=" " ind2=" " tag="010"><subfield code="a">sn 86092368 </subfield></datafield><datafield ind1=" " ind2=" " tag="040"><subfield code="a">WVC</subfield><subfield code="b">eng</subfield><subfield code="c">WVC</subfield><subfield code="d">DLC</subfield><subfield code="d">OCL</subfield><subfield code="d">NVK</subfield><subfield code="d">OCLCQ</subfield><subfield code="d">OCLCO</subfield></datafield><datafield ind1="1" ind2=" " tag="029"><subfield code="a">AU@</subfield><subfield code="b">000021385293</subfield></datafield><datafield ind1=" " ind2=" " tag="042"><subfield code="a">msc</subfield></datafield><datafield ind1=" " ind2=" " tag="043"><subfield code="a">n-us-wv</subfield></datafield><datafield ind1="0" ind2="0" tag="050"><subfield code="a">Newspaper 10185-X</subfield></datafield><datafield ind1="0" ind2="0" tag="245"><subfield code="a">Tyler County star.</subfield></datafield><datafield ind1=" " ind2=" " tag="260"><subfield code="a">Middlebourne, W. Va. :</subfield><subfield code="b">W.A. Loe</subfield></datafield><datafield ind1=" " ind2=" " tag="300"><subfield code="a">v. :</subfield><subfield code="b">ill. ;</subfield><subfield code="c">56 cm.</subfield></datafield><datafield ind1=" " ind2=" " tag="310"><subfield code="a">Weekly</subfield></datafield><datafield ind1="1" ind2=" " tag="362"><subfield code="a">Began Feb. 22, 1877 issue.</subfield><subfield code="z">Cf. Hardesty, H.H. Hardesty's Historical and Geographical Encyclopedia . . .Tyler and Wetzel Counties.</subfield></datafield><datafield ind1="1" ind2=" " tag="362"><subfield code="a">Ceased in 1917.</subfield><subfield code="z">Cf. NIM, U.S., 1948-1983.</subfield></datafield><datafield ind1=" " ind2=" " tag="500"><subfield code="a">Originally published in Sistersville. Cf. Hardesty, H.H. Hardesty's Historical and Geographical Encyclopedia . . .Tyler and Wetzel Counties.</subfield></datafield><datafield ind1=" " ind2=" " tag="500"><subfield code="a">Publishers: W.A. Loe, Feb. 22-Aug. 31, 1877; W.W. &amp; J.E. DeLoe, Sept., 1877-Apr. 1, 1882; A.B. Smith, Apr. 2, 1882-?; K.S. Boreman; J.W. Barnes; K.S. Boreman; Boreman &amp; H.W. Smith, 1895-1898; Otho Barnes &amp; Smith, 1898-?</subfield></datafield><datafield ind1=" " ind2=" " tag="500"><subfield code="a">"Republican." Cf. Ayer, 1917.</subfield></datafield><datafield ind1=" " ind2=" " tag="530"><subfield code="a">Available on microfilm from U.M.I.</subfield></datafield><datafield ind1=" " ind2=" " tag="588"><subfield code="a">Description based on: Vol. 1, no. 2 (Mar. 1, 1877).</subfield></datafield><datafield ind1=" " ind2="0" tag="651"><subfield code="a">Middlebourne (W. Va.)</subfield><subfield code="v">Newspapers.</subfield></datafield><datafield ind1=" " ind2=" " tag="752"><subfield code="a">United States</subfield><subfield code="b">West Virginia</subfield><subfield code="c">Tyler</subfield><subfield code="d">Middlebourne.</subfield></datafield><datafield ind1=" " ind2=" " tag="752"><subfield code="a">United States</subfield><subfield code="b">West Virginia</subfield><subfield code="c">Tyler</subfield><subfield code="d">Sisterville.</subfield></datafield><datafield ind1="0" ind2="7" tag="785"><subfield code="t">Tyler County news</subfield><subfield code="w">(DLC)sn 86092369</subfield></datafield><datafield ind1="0" ind2="7" tag="785"><subfield code="t">Tyler star-news</subfield><subfield code="w">(DLC)sn 86092370</subfield></datafield></record>